
%% LSTM
@article{merity2016pointer,
  title={Pointer sentinel mixture models},
  author={Merity, Stephen and Xiong, Caiming and Bradbury, James and Socher, Richard},
  journal={arXiv preprint arXiv:1609.07843},
  year={2016}
}
%% CNN applications
@article{lawrence1997face,
  title={Face recognition: A convolutional neural-network approach},
  author={Lawrence, Steve and Giles, C Lee and Tsoi, Ah Chung and Back, Andrew D},
  journal={IEEE transactions on neural networks},
  volume={8},
  number={1},
  pages={98--113},
  year={1997},
  publisher={IEEE}
}
@inproceedings{krizhevsky2012imagenet,
	title={Imagenet classification with deep convolutional neural networks},
	author={Krizhevsky, Alex and Sutskever, Ilya and Hinton, Geoffrey E},
	booktitle={Advances in neural information processing systems},
	pages={1097--1105},
	year={2012}
}
@inproceedings{ren2015faster,
  title={Faster r-cnn: Towards real-time object detection with region proposal networks},
  author={Ren, Shaoqing and He, Kaiming and Girshick, Ross and Sun, Jian},
  booktitle={Advances in neural information processing systems},
  pages={91--99},
  year={2015}
}
@inproceedings{tompson2014joint,
  title={Joint training of a convolutional network and a graphical model for human pose estimation},
  author={Tompson, Jonathan J and Jain, Arjun and LeCun, Yann and Bregler, Christoph},
  booktitle={Advances in neural information processing systems},
  pages={1799--1807},
  year={2014}
}
@article{kim2014convolutional,
  title={Convolutional neural networks for sentence classification},
  author={Kim, Yoon},
  journal={arXiv preprint arXiv:1408.5882},
  year={2014}
}
@article{lecun1995convolutional,
  title={Convolutional networks for images, speech, and time series},
  author={LeCun, Yann and Bengio, Yoshua},
  journal={The handbook of brain theory and neural networks},
  volume={3361},
  number={10},
  pages={1995},
  year={1995}
}
@article{bojarski2016end,
  title={End to end learning for self-driving cars},
  author={Bojarski, Mariusz and Del Testa, Davide and Dworakowski, Daniel and Firner, Bernhard and Flepp, Beat and Goyal, Prasoon and Jackel, Lawrence D and Monfort, Mathew and Muller, Urs and Zhang, Jiakai and others},
  journal={arXiv preprint arXiv:1604.07316},
  year={2016}
}
%% libraries
@inproceedings{zhao2019improving,
  title={Improving Neural Network Quantization without Retraining using Outlier Channel Splitting},
  author={Zhao, Ritchie and Hu, Yuwei and Dotzel, Jordan and De Sa, Chris and Zhang, Zhiru},
  booktitle={International Conference on Machine Learning},
  pages={7543--7552},
  year={2019}
}
@inproceedings{migacz20178,
  title={8-bit inference with tensorrt},
  author={Migacz, Szymon},
  booktitle={GPU technology conference},
  volume={2},
  pages={7},
  year={2017}
}
@misc{jacob2017gemmlowp,
  title={gemmlowp: a small self-contained low-precision GEMM library.(2017)},
  author={Jacob, Benoit and others},
  year={2017}
}
@misc{MKLDNN,
  title = {Intel(R) Math Kernel Library for Deep Neural Networks (Intel(R) MKL-DNN)},
  howpublished = {\url{https://intel.github.io/mkl-dnn/}},
  note = {Accessed: 2019-08-16}
}
@misc{QNNPACK,
  title = {QNNPACK: Open source library for optimized mobile deep learning},
  howpublished = {\url{https://code.fb.com/ml-applications/qnnpack/}},
  note = {Accessed: 2019-08-16}
}
%% BCH
@book{costello1983error,
  title={Error Control Coding: Fundamentals and Applications},
  author={Costello, Daniel J},
  year={1983},
  publisher={prentice Hall}
}

%% fault rate
@article{cai2017errors,
  title={Errors in flash-memory-based solid-state drives: Analysis, mitigation, and recovery},
  author={Cai, Yu and Ghose, Saugata and Haratsch, Erich F and Luo, Yixin and Mutlu, Onur},
  journal={arXiv preprint arXiv:1711.11427},
  year={2017}
}

%% CNNs
@article{simonyan2014very,
  title={Very deep convolutional networks for large-scale image recognition},
  author={Simonyan, Karen and Zisserman, Andrew},
  journal={arXiv preprint arXiv:1409.1556},
  year={2014}
}
@techreport{krizhevsky2009learning,
  title={Learning multiple layers of features from tiny images},
  author={Krizhevsky, Alex and Hinton, Geoffrey},
  year={2009},
  institution={Citeseer}
}
@article{iandola2016squeezenet,
  title={SqueezeNet: AlexNet-level accuracy with 50x fewer parameters and< 0.5 MB model size},
  author={Iandola, Forrest N and Han, Song and Moskewicz, Matthew W and Ashraf, Khalid and Dally, William J and Keutzer, Kurt},
  journal={arXiv preprint arXiv:1602.07360},
  year={2016}
}
@inproceedings{he2016deep,
  title={Deep residual learning for image recognition},
  author={He, Kaiming and Zhang, Xiangyu and Ren, Shaoqing and Sun, Jian},
  booktitle={Proceedings of the IEEE conference on computer vision and pattern recognition},
  pages={770--778},
  year={2016}
}
%% ECC
@article{sridharan2015memory,
  title={Memory errors in modern systems: The good, the bad, and the ugly},
  author={Sridharan, Vilas and DeBardeleben, Nathan and Blanchard, Sean and Ferreira, Kurt B and Stearley, Jon and Shalf, John and Gurumurthi, Sudhanva},
  journal={ACM SIGPLAN Notices},
  volume={50},
  number={4},
  pages={297--310},
  year={2015},
  publisher={ACM}
}
@article{lyons1962use,
  title={The use of triple-modular redundancy to improve computer reliability},
  author={Lyons, Robert E and Vanderkulk, Wouter},
  journal={IBM journal of research and development},
  volume={6},
  number={2},
  pages={200--209},
  year={1962},
  publisher={IBM}
}
@article{yu2010overview,
  title={Overview of Radiation Hardening Techniques for IC Design},
  author={Yu, Fa-Xin and Liu, Jia-Rui and Huang, Zheng-Liang and Luo, Hao and Lu, Zhe-Ming},
  journal={Information Technology Journal},
  volume={9},
  number={6},
  pages={1068--1080},
  year={2010}
}

@book{costello1983error,
  title={Error Control Coding: Fundamentals and Applications},
  author={Costello, Daniel J},
  year={1983},
  publisher={Prentice Hall}
}

%% quantization
@inproceedings{jacob2018quantization,
  title={Quantization and training of neural networks for efficient integer-arithmetic-only inference},
  author={Jacob, Benoit and Kligys, Skirmantas and Chen, Bo and Zhu, Menglong and Tang, Matthew and Howard, Andrew and Adam, Hartwig and Kalenichenko, Dmitry},
  booktitle={Proceedings of the IEEE Conference on Computer Vision and Pattern Recognition},
  pages={2704--2713},
  year={2018}
}
@misc{neta_zmora_2018_1297430,
  author       = {Neta Zmora and
                  Guy Jacob and
                  Gal Novik},
  title        = {Neural Network Distiller},
  month        = jun,
  year         = 2018,
  doi          = {10.5281/zenodo.1297430},
  howpublished          = "https://doi.org/10.5281/zenodo.1297430"
}

%% imagent
@inproceedings{deng2009imagenet,
  title={Imagenet: A large-scale hierarchical image database},
  author={Deng, Jia and Dong, Wei and Socher, Richard and Li, Li-Jia and Li, Kai and Fei-Fei, Li},
  booktitle={2009 IEEE conference on computer vision and pattern recognition},
  pages={248--255},
  year={2009},
  organization={Ieee}
}
%% ADMM
@inproceedings{zhang2018systematic,
  title={A systematic dnn weight pruning framework using alternating direction method of multipliers},
  author={Zhang, Tianyun and Ye, Shaokai and Zhang, Kaiqi and Tang, Jian and Wen, Wujie and Fardad, Makan and Wang, Yanzhi},
  booktitle={Proceedings of the European Conference on Computer Vision (ECCV)},
  pages={184--199},
  year={2018}
}
@inproceedings{ren2019admm,
  title={ADMM-NN: An Algorithm-Hardware Co-Design Framework of DNNs Using Alternating Direction Methods of Multipliers},
  author={Ren, Ao and Zhang, Tianyun and Ye, Shaokai and Li, Jiayu and Xu, Wenyao and Qian, Xuehai and Lin, Xue and Wang, Yanzhi},
  booktitle={Proceedings of the Twenty-Fourth International Conference on Architectural Support for Programming Languages and Operating Systems},
  pages={925--938},
  year={2019},
  organization={ACM}
}
%% 
@article{hochba1997approximation,
  title={Approximation algorithms for np-hard problems},
  author={Hochba, Dorit S},
  journal={ACM Sigact News},
  volume={28},
  number={2},
  pages={40--52},
  year={1997},
  publisher={ACM}
}
%% fault tolerance of DNNs
@inproceedings{li2017understanding,
  title={Understanding error propagation in deep learning neural network (DNN) accelerators and applications},
  author={Li, Guanpeng and Hari, Siva Kumar Sastry and Sullivan, Michael and Tsai, Timothy and Pattabiraman, Karthik and Emer, Joel and Keckler, Stephen W},
  booktitle={Proceedings of the International Conference for High Performance Computing, Networking, Storage and Analysis},
  pages={8},
  year={2017},
  organization={ACM}
}

@inproceedings{reagen2018ares,
  title={Ares: A framework for quantifying the resilience of deep neural networks},
  author={Reagen, Brandon and Gupta, Udit and Pentecost, Lillian and Whatmough, Paul and Lee, Sae Kyu and Mulholland, Niamh and Brooks, David and Wei, Gu-Yeon},
  booktitle={2018 55th ACM/ESDA/IEEE Design Automation Conference (DAC)},
  pages={1--6},
  year={2018},
  organization={IEEE}
}
@inproceedings{zhang2018analyzing,
  title={Analyzing and mitigating the impact of permanent faults on a systolic array based neural network accelerator},
  author={Zhang, Jeff Jun and Gu, Tianyu and Basu, Kanad and Garg, Siddharth},
  booktitle={2018 IEEE 36th VLSI Test Symposium (VTS)},
  pages={1--6},
  year={2018},
  organization={IEEE}
}

@article{qin2017robustness,
  title={Robustness of neural networks against storage media errors},
  author={Qin, Minghai and Sun, Chao and Vucinic, Dejan},
  journal={arXiv preprint arXiv:1709.06173},
  year={2017}
}

@inproceedings{arechiga2018the,
  title={The Effect of Weight Errors on Neural Networks},
  author={Arechiga, Austin P and
Michaels, Alan J},
  booktitle={2018 IEEE 8th Annual Computing and Communication Workshop and Conference (CCWC)},
  year={2018},
  organization={IEEE}
}

%% fault tolerance of NN
@article{torres2017fault,
  title={Fault and error tolerance in neural networks: A review},
  author={Torres-Huitzil, Cesar and Girau, Bernard},
  journal={IEEE Access},
  volume={5},
  pages={17322--17341},
  year={2017},
  publisher={IEEE}
}

@article{protzel1993performance,
  title={Performance and fault-tolerance of neural networks for optimization},
  author={Protzel, Peter W and Palumbo, Daniel L and Arras, Michael K},
  journal={IEEE transactions on Neural Networks},
  volume={4},
  number={4},
  pages={600--614},
  year={1993},
  publisher={IEEE}
}

%% accelerator 
@article{kim2018energy,
  title={Energy-efficient neural network acceleration in the presence of bit-level memory errors},
  author={Kim, Sung and Howe, Patrick and Moreau, Thierry and Alaghi, Armin and Ceze, Luis and Sathe, Visvesh S},
  journal={IEEE Transactions on Circuits and Systems I: Regular Papers},
  number={99},
  pages={1--14},
  year={2018},
  publisher={IEEE}
}

@inproceedings{jouppi2017datacenter,
  title={In-datacenter performance analysis of a tensor processing unit},
  author={Jouppi, Norman P and Young, Cliff and Patil, Nishant and Patterson, David and Agrawal, Gaurav and Bajwa, Raminder and Bates, Sarah and Bhatia, Suresh and Boden, Nan and Borchers, Al and others},
  booktitle={2017 ACM/IEEE 44th Annual International Symposium on Computer Architecture (ISCA)},
  pages={1--12},
  year={2017},
  organization={IEEE}
}

@article{chen2017eyeriss,
  title={Eyeriss: An energy-efficient reconfigurable accelerator for deep convolutional neural networks},
  author={Chen, Yu-Hsin and Krishna, Tushar and Emer, Joel S and Sze, Vivienne},
  journal={IEEE Journal of Solid-State Circuits},
  volume={52},
  number={1},
  pages={127--138},
  year={2017},
  publisher={IEEE}
}

%% energy efficient accelerator 
@inproceedings{temam2012defect,
  title={A defect-tolerant accelerator for emerging high-performance applications},
  author={Temam, Olivier},
  booktitle={ACM SIGARCH Computer Architecture News},
  volume={40},
  number={3},
  pages={356--367},
  year={2012},
  organization={IEEE Computer Society}
}


@inproceedings{reagen2016minerva,
  title={Minerva: Enabling low-power, highly-accurate deep neural network accelerators},
  author={Reagen, Brandon and Whatmough, Paul and Adolf, Robert and Rama, Saketh and Lee, Hyunkwang and Lee, Sae Kyu and Hern{\'a}ndez-Lobato, Jos{\'e} Miguel and Wei, Gu-Yeon and Brooks, David},
  booktitle={2016 ACM/IEEE 43rd Annual International Symposium on Computer Architecture (ISCA)},
  pages={267--278},
  year={2016},
  organization={IEEE}
}

@inproceedings{whatmough201714,
  title={14.3 A 28nm SoC with a 1.2 GHz 568nJ/prediction sparse deep-neural-network engine with> 0.1 timing error rate tolerance for IoT applications},
  author={Whatmough, Paul N and Lee, Sae Kyu and Lee, Hyunkwang and Rama, Saketh and Brooks, David and Wei, Gu-Yeon},
  booktitle={2017 IEEE International Solid-State Circuits Conference (ISSCC)},
  pages={242--243},
  year={2017},
  organization={IEEE}
}
@inproceedings{zhang2018thundervolt,
  title={Thundervolt: enabling aggressive voltage underscaling and timing error resilience for energy efficient deep learning accelerators},
  author={Zhang, Jeff and Rangineni, Kartheek and Ghodsi, Zahra and Garg, Siddharth},
  booktitle={Proceedings of the 55th Annual Design Automation Conference},
  pages={19},
  year={2018},
  organization={ACM}
}
@inproceedings{azizimazreah2018tolerating,
  title={Tolerating Soft Errors in Deep Learning Accelerators with Reliable On-Chip Memory Designs},
  author={Azizimazreah, Arash and Gu, Yongbin and Gu, Xiang and Chen, Lizhong},
  booktitle={2018 IEEE International Conference on Networking, Architecture and Storage (NAS)},
  pages={1--10},
  year={2018},
  organization={IEEE}
}


@inproceedings{salami2018resilience,
  title={On the Resilience of RTL NN Accelerators: Fault Characterization and Mitigation},
  author={Salami, Behzad and Unsal, Osman S and Kestelman, Adrian Cristal},
  booktitle={2018 30th International Symposium on Computer Architecture and High Performance Computing (SBAC-PAD)},
  pages={322--329},
  year={2018},
  organization={IEEE}
}


@article{hacene2019training,
  title={Training Modern Deep Neural Networks for Memory-Fault Robustness},
  author={Hacene, Ghouthi Boukli and Leduc-Primeau, Fran{\c{c}}ois and Soussia, Amal Ben and Gripon, Vincent and Gagnon, Fran{\c{c}}ois},
  booktitle={ IEEE International Symposium on Circuits and Systems },
  year={2019}
}
misc{neta_zmora_2018_1297430,
  author       = {Neta Zmora and
                  Guy Jacob and
                  Lev Zlotnik and
                  Bar Elharar and
                  Gal Novik},
  title        = {Neural Network Distiller},
  month        = jun,
  year         = 2018,
  doi          = {10.5281/zenodo.1297430},
  url          = {https://doi.org/10.5281/zenodo.1297430}
}
%% fault tolerance of NN
@article{phatak1995complete,
  title={Complete and partial fault tolerance of feedforward neural nets},
  author={Phatak, Dhananjay S and Koren, Israel},
  journal={IEEE Transactions on Neural Networks},
  volume={6},
  number={2},
  pages={446--456},
  year={1995},
  publisher={IEEE}
}

@article{Hsiao,
 author = {Hsiao, M. Y.},
 title = {A Class of Optimal Minimum Odd-weight-column SEC-DED Codes},
 journal = {IBM J. Res. Dev.},
 issue_date = {July 1970},
 volume = {14},
 number = {4},
 month = jul,
 year = {1970},
 issn = {0018-8646},
 pages = {395--401},
 numpages = {7},
 url = {http://dx.doi.org/10.1147/rd.144.0395},
 doi = {10.1147/rd.144.0395},
 acmid = {1662982},
 publisher = {IBM Corp.},
 address = {Riverton, NJ, USA},
}

@article{chipkill,
 author = {T. J. Dell},
 title = {A white paper on the benefits of chipkill-correct ECC for PC server
main memory},
 journal = {IBM Microelectronics Division, Tech. Rep.},
 issue_date = {1997},
 }